@misc{prevreport,
    author    = "Alex Fortier and Long Hoang Nguyen Duc and Kevin Mee and Westley Russell",
    title     = "Advancing Massachusettsâ€™ Technology, Talent and Economy Reporting System (MATTERS)",
    howpublished = "\url{http://www.wpi.edu/Pubs/E-project/Available/E-project-042915-094249/unrestricted/Advancing_MATTERS.pdf}",
    year      = "2015"
}